<?xml version="1.0" encoding="UTF-8"?><collection xmlns="http://www.loc.gov/MARC21/slim"><record><leader>00508nam--2200133-i-4500</leader><controlfield tag="001">000011914</controlfield><controlfield tag="002">20161230</controlfield><controlfield tag="005">20161230201029</controlfield><controlfield tag="008">060222s1000------------r-----000-0-eng-d</controlfield><datafield ind1=" " ind2=" " tag="080"><subfield code="a">524.1:550.385:537.632:537.563.5(043)</subfield></datafield><datafield ind1=" " ind2=" " tag="100"><subfield code="a">Bruston, Paul</subfield></datafield><datafield ind1=" " ind2=" " tag="245"><subfield code="a">Recherches sur l existence de champs electriqu es associes a l acceleration a basse altitude de particules chargees dans des precipitations aurorales.these</subfield></datafield><datafield ind1=" " ind2=" " tag="260"><subfield code="a">Paris, Orsay, Universite De Paris-sud, Centre D Orsay, 1975. 198p</subfield></datafield><datafield ind1=" " ind2=" " tag="852"><subfield code="a">44129</subfield></datafield></record></collection>